@comment{
%--------------------------------------
%------- Realidad Problemática --------
%--------------------------------------}



@comment{
%--------------------------------------
%---------- ESTADO DEL ARTE -----------
%--------------------------------------}




@comment{
%--------------------------------------
%------------- SOFTWARE ---------------
%--------------------------------------}
@misc{SDRChileWeb:online,
  author       = {SDR Chile},
  title        = {SDR Chile – Comunidad SDR Chile},
  howpublished = {\url{https://sdrchile.cl/es/}},
  month        = {},
  year         = {},
  note         = {(Accedido: 12 de dic. 2024)}
}


@comment{
%--------------------------------------
%------------- HARDWARE ---------------
%--------------------------------------}


